2818 3396
132 570 143 580 ι
175 554 220 575 22
361 524 457 579 'um
484 517 546 576 est
563 524 778 576 comicum
788 538 904 587 apte
930 518 1174 586 argumenta
1200 531 1569 583 confingentem
1597 531 1663 572 vel
1682 545 1832 574 nomen
1857 545 2056 586 personae
2108 553 2163 568 m·

66 605 88 630 ‘¹2
116 615 128 624 *
196 590 209 600 ²
232 579 508 667 ῗθῖᾮωιιιιι,
535 597 645 652 quod
672 596 724 638 sit
750 609 775 637 a
802 596 964 639 nomine
992 596 1206 638 diversum.
1263 594 1372 635 Hinc
1391 607 1533 635 servus
1552 593 1682 634 fidelis
1709 596 1950 637 Parmeno.
2033 586 2117 637 ,θι
2140 576 2260 650 puer
2261 589 2337 659 ὦ
2352 642 2360 648 ,

121 659 127 667 “
183 645 388 726 affin
411 663 482 704 vel
507 677 532 703 a
549 662 646 702 ludo
666 667 708 702 et
725 677 750 701 a
767 651 1086 715 gesticulatione
1096 662 1238 701 Sclrt
1248 673 1311 699 us
1323 660 1366 709 ἢ*)
1412 658 1460 698 Ιιι
1479 658 1624 710 quibus
1642 672 1843 700 summum
1859 665 2007 713 poetae
2024 653 2168 703 vitium
2185 666 2267 709 eet,
2278 660 2351 703 ἰιι

77 762 80 765 -
87 762 116 802 ,3
185 718 410 787 jssshcliarae
417 730 521 773 tere
537 739 768 781 repugnans
782 725 1026 767 contrarium
1039 724 1322 777 diversumque
1342 722 1569 776 protulerit,
1588 721 1664 763 nisi
1679 726 1754 763 etc.
1782 722 1841 764 Et
1857 723 1945 766 fere
1965 725 2042 766 hoc
2058 716 2180 768 modo
2196 724 2343 780 apud
2406 772 2415 785 ἰ

64 788 123 848 ’,ΑΞ
228 785 394 833 etiam
411 795 591 845 poetas
617 789 779 831 nomina
805 794 1099 842 componuntur
1126 787 1470 830 describentia
1497 800 1571 838 per
1599 787 1892 841 ἀντίφρασιν,
1918 788 2028 841 quod
2055 788 2333 842 designant,
2373 791 2397 831 5‘

122 848 138 871 ²
222 892 224 895 ,
425 851 512 896 Iam
529 867 679 895 novum
697 853 836 907 incipit
854 854 1062 905 scholium,
1082 867 1175 894 cum
1193 850 1552 906 praescribendum
1571 854 1632 890 est
1650 850 1815 893 lemma:
1843 851 1928 892 Sto
1938 849 2055 906 rax]
2076 851 2239 894 Primae
2255 856 2391 907 partes
2409 884 2420 896 .
2435 884 2446 894 ,
2464 884 2473 893 .

190 952 197 955 μ
229 930 259 960 a
275 919 438 960 senibus
466 923 642 970 aguntur
670 922 745 960 etc.

1088 993 1275 1046 Adelph.
1309 992 1340 1032 1.
1374 993 1407 1031 1.
1442 988 1503 1028 19.
1533 1005 1617 1049 sqq.

749 1059 928 1098 Uxorem
955 1071 1173 1108 numquam
1200 1057 1333 1098 habui.
1378 1055 1446 1099 ille
1477 1066 1616 1102 contra
1644 1060 1744 1099 haec
1772 1055 1924 1097 omnia:

749 1121 851 1162 Ruri
879 1135 1002 1175 agere
1032 1120 1166 1172 vitam,
1196 1135 1357 1175 semper
1385 1138 1507 1178 parce
1537 1139 1583 1166 ac
1612 1121 1766 1164 duriter

751 1186 804 1226 Se
833 1186 995 1227 habere.
1026 1200 1197 1226 uxorem
1225 1185 1361 1228 duxit:
1390 1189 1475 1229 nati
1503 1189 1574 1229 filii

749 1251 860 1290 Duo:
891 1250 984 1290 inde
1014 1264 1090 1303 ego
1120 1252 1227 1291 hunc
1255 1256 1448 1293 maiorem
1479 1252 1669 1305 adoptavi
1697 1250 1805 1291 mihi.

346 1371 352 1377 ,
431 1324 603 1365 Uxorem
632 1325 774 1377 dmin]
817 1324 1105 1365 Adiuvandum
1133 1325 1458 1378 pronuntiatione
1487 1332 1571 1376 est,
1611 1340 1662 1366 ne
1681 1326 1840 1379 singula
1859 1324 2045 1377 utrinque
2063 1323 2237 1365 assecuti
2255 1323 2479 1364 videantur.

234 1389 342 1430 Nam
369 1389 426 1429 sic
453 1389 495 1428 in
523 1390 602 1429 fine
632 1390 795 1429 fabulae
824 1389 879 1429 ait
907 1390 1081 1429 Demea:
1118 1389 1287 1429 Uxorem
1308 1393 1424 1431 duxi:
1456 1406 1579 1443 quam
1607 1391 1663 1429 ibi
1682 1391 1884 1429 miseriam
1903 1390 2008 1428 vidi!
2035 1391 2124 1428 nati
2138 1389 2233 1436 filis}
2260 1389 2347 1429 alia
2363 1403 2478 1430 cura.

428 1452 638 1494 Sententia
666 1466 730 1503 ,ne
759 1451 917 1504 singula
947 1451 1134 1504 utrinque
1154 1453 1323 1494 assecuti
1343 1454 1569 1495 videantur'
1599 1455 1719 1507 plane
1739 1458 1927 1503 corrupta
1945 1456 2016 1492 est.
2060 1450 2316 1494 Emendmdi
2341 1465 2481 1494 msam

239 1516 436 1569 praebent
463 1517 590 1556 verba
616 1517 816 1556 Demeae:
861 1517 1057 1564 ,Uxorem
1085 1516 1203 1556 duxi:
1247 1531 1368 1570 quam
1396 1518 1451 1558 ibi
1481 1518 1682 1558 miseriam
1717 1517 1817 1557 vidi!
1860 1516 1944 1557 nati
1971 1515 2061 1556 filii:
2092 1515 2174 1556 alia
2200 1516 2345 1557 cura’.·
2377 1515 2480 1557 Inde
2619 1560 2628 1564 Α,

233 1579 410 1622 efficitur
447 1586 803 1621 commentatorem
843 1580 934 1621 ideo
978 1581 1104 1621 verba
1146 1582 1471 1634 pronuntiatione
1514 1583 1742 1623 adiuvanda
1784 1595 1871 1622 esse
1913 1580 2128 1632 monuisse,
2170 1585 2216 1621 ut
2251 1573 2480 1634 appareret,
2581 1585 2597 1636 ἔ
2637 1609 2677 1637 3„
2753 1590 2756 1592 ’

234 1649 430 1698 quautam
458 1658 596 1685 curam
625 1644 786 1685 Micioni
814 1645 971 1685 Demea
997 1645 1145 1698 nupliis
1181 1645 1261 1686 suis
1290 1646 1498 1687 videretur
1539 1647 1718 1687 subiisse.
1776 1647 1857 1686 Pro
1901 1645 2085 1698 ‚singula'
2123 1656 2222 1698 ergo
2261 1644 2479 1698 legendum
2513 1657 2519 1663 ·
2562 1659 2564 1661 ·
2607 1658 2610 1661 “
2658 1640 2681 1665 ”““
2784 1637 2788 1646 ’

235 1713 318 1749 est:
347 1708 448 1759 ,sine
477 1709 598 1749 cura'.
657 1710 878 1749 Praeterea
907 1709 984 1754 ,ne'
1013 1709 1293 1750 dissecandum
1322 1715 1381 1749 est
1410 1710 1451 1749 in
1486 1713 1512 1751 fi
1541 1717 1581 1751 et
1610 1716 1644 1759 ἐ,
1674 1724 1776 1763 quae
1815 1709 1980 1762 quidem
2017 1707 2258 1763 compendia
2298 1708 2404 1760 ,noli‘
2439 1708 2503 1763 et*
2634 1713 2643 1721 ⁸

236 1772 370 1823 ,enim’
399 1772 637 1825 significant.
681 1773 807 1813 Totus
834 1772 957 1824 igitur
985 1774 1095 1813 locus
1123 1773 1179 1814 sic
1208 1774 1479 1814 restituendus
1508 1780 1584 1814 est:
1618 1775 1788 1814 Umorem
1816 1773 1903 1825 eta]
1941 1771 2477 1826 Adiuvandumpronuntia-

234 1836 346 1877 tione
375 1840 455 1885 est;
484 1850 584 1876 non
612 1837 740 1876 enim
768 1837 874 1876 sine
903 1850 1027 1876 cura
1055 1843 1321 1889 utrumque
1351 1844 1613 1877 assecutus
1642 1839 1687 1877 ei
1716 1837 1938 1877 videtur.
1993 1836 2100 1876 Nam
2126 1835 2183 1876 sic
2211 1841 2286 1877 etc.

0 1916 26 1974 ,ζ
1100 1932 1270 1985 Adelph.
1300 1932 1350 1972 Π.
1382 1934 1418 1973 4.
1451 1934 1511 1973 10.
1541 1947 1625 1985 sqq.

623 1996 702 2042 Ah,
732 1995 900 2036 stultitia
929 2000 989 2036 est
1020 1996 1156 2048 istaec,
1185 2010 1265 2037 non
1294 1997 1444 2049 pudor:
1474 2002 1558 2037 tam
1586 1997 1637 2037 ob
1667 1997 1875 2048 parvolam

622 2059 727 2098 Rem
755 2073 885 2112 paene
915 2074 937 2100 e
967 2059 1114 2112 patria!
1145 2065 1263 2110 turpe
1293 2059 1421 2105 dictu;
1452 2061 1547 2100 deos
1576 2074 1738 2113 quaeso,
1768 2065 1812 2100 ut
1839 2059 1963 2100 istaec
1992 2059 2241 2112 prohibeant.

439 2134 540 2173 Tam
570 2133 617 2173 ob
643 2135 854 2186 parvolam
883 2135 991 2187 rem]
1040 2135 1150 2188 Ergo
1179 2135 1437 2176 deminutivis
1465 2135 1697 2189 adiungitur
1726 2144 1806 2174 tam
1834 2134 2040 2188 particula.
2097 2134 2150 2175 Et
2184 2134 2297 2176 deest
2332 2134 2478 2189 perire,
2495 2110 2511 2144 ι’

233 2198 310 2239 sed
338 2204 393 2249 τῷ
423 2200 646 2253 εὐφημισμῶ
675 2203 842 2239 tacetur.

430 2263 567 2314 Lege:
597 2262 765 2315 Vulgo
794 2263 1048 2304 deminutivis
1077 2264 1309 2315 adiungitur
1338 2273 1419 2306 tam
1448 2264 1646 2316 particula
1674 2269 1714 2303 et
1742 2264 1855 2303 deest
1883 2265 1957 2303 ire
1987 2268 2061 2304 etc.

1085 2348 1259 2402 Adelph.
1289 2349 1365 2389 111.
1395 2351 1431 2388 2.
1460 2350 1526 2390 55.
1555 2364 1639 2403 sqq.
1903 2335 1908 2339 ’
2293 2348 2302 2356 ·
2448 2364 2464 2374 χ
2490 2348 2499 2357 ·

1009 2414 1191 2467 Propera
1219 2419 1275 2464 tu,
1305 2428 1395 2454 mea
1425 2414 1640 2461 Canthara,

498 2475 639 2522 Curre,
669 2475 925 2516 obstetricem
953 2490 1112 2516 accerse
1144 2482 1218 2517 etc

436 2549 590 2602 Curre]
645 2549 743 2590 Mire
773 2549 924 2590 dictum
953 2556 1012 2590 est
1048 2551 1239 2592 ancillae:
1287 2550 1368 2592 Ouo
1370 2567 1422 2591 re

433 2613 636 2654 Ancillam
662 2613 789 2654 iuberi
819 2627 981 2654 currere
1010 2628 1090 2654 non
1120 2621 1180 2655 est
1199 2615 1362 2665 mirum;
1394 2617 1506 2667 lege:
1538 2615 1653 2666 ,Mire
1675 2615 1824 2654 dictum
1843 2620 1904 2655 est
1931 2616 2184 2657 aniculae:
2216 2616 2368 2657 Curre’.
2401 2616 2482 2668 (Of

237 2677 295 2719 ib.
324 2677 454 2720 111.1.
479 2679 513 2717 1.
563 2676 671 2727 Quid
698 2694 803 2718 nunc
831 2678 962 2730 fiet.].
1044 2693 1247 2731 namque
1275 2679 1381 2719 illius
1410 2679 1547 2719 nutrix
1577 2684 1636 2719 est
1666 2683 1733 2728 (sc
1765 2679 1998 2732 Canthara),
2027 2679 2179 2734 quippe
2205 2679 2365 2722 anicula
2391 2680 2484 2733 est.)

1156 2765 1331 2817 Adelph.
1364 2764 1431 2804 IV.
1460 2765 1497 2805 5.
1528 2766 1564 2805 9.

1103 2828 1288 2880 Erubuit,
1317 2830 1429 2869 salva
1457 2843 1521 2869 res
1551 2834 1621 2869 est.
2505 2863 2508 2865 -
2564 2875 2582 2882 ,,

0 2894 133 2975 331
206 2912 213 2917 ·
435 2902 609 2943 Erubuit
637 2903 726 2955 eta]
770 2902 898 2944 Nimis
927 2908 1096 2956 paterna
1122 2903 1322 2944 sententia
1352 2935 1392 2944 ..
1445 2904 1537 2944 .Et
1567 2904 1703 2956 quanti
1732 2905 1902 2945 affectus
1938 2910 2008 2945 est
2035 2918 2115 2945 non
2145 2904 2294 2947 dixisse
2330 2901 2666 2949 mm

29 2960 37 2964 Δ
178 2993 203 3013 -7
236 2967 379 3009 salvus
413 2976 491 3016 est,
534 2967 606 3007 sed
640 2968 754 3006 salva
789 2980 852 3006 res
887 2971 943 3007 est
970 3000 978 3007 .
1003 3000 1009 3007 .
1032 2999 1040 3007 .
1063 3000 1072 3008 .
1102 2968 1258 3008 Eodem
1292 2969 1423 3009 animo
1459 2975 1499 3008 et
1528 2983 1651 3021 supra
1686 2969 1805 3009 dixit:
1849 2970 1898 3008 In
1927 2984 1969 3009 eo
1998 2985 2057 3009 me
2085 2969 2243 3020 oblecto,
2269 2968 2406 3009 solum
2438 2970 2487 3014 id
2510 2974 2513 2977 “
2660 2959 2665 2963 ’

129 3142 153 3160 u
432 3116 466 3160 *)
489 3115 544 3151 Sic
566 3120 657 3150 recte
680 3116 871 3151 emendavit
893 3117 1066 3150 Bentleius
1090 3117 1147 3154 (cf.
1173 3118 1336 3152 Dziatzko
1361 3118 1539 3161 „Beitrage
1563 3123 1645 3152 etcf‘
1671 3129 1702 3161 p.
1719 3118 1797 3160 668)
1819 3118 1910 3160 quod
1933 3117 2018 3160 fugit
2033 3117 2242 3160 Koenigium,
2264 3116 2339 3160 qni
2345 3115 2488 3158 eunde·

130 3186 141 3196 2
168 3169 173 3174 ”
199 3163 467 3236 οοιιιθοιιιιειιιι
489 3170 525 3205 ιιι
548 3171 632 3206 Nov.
654 3173 744 3205 Anu.
769 3170 981 3206 Fleckeiseni
1005 3170 1123 3205 CXXI.
1148 3183 1179 3215 p.
1204 3173 1269 3207 520
1291 3172 1442 3215 protulit.
2371 3199 2373 3201 .
2435 3200 2441 3203 ,
