3599 3741
1867 954 2005 988 eontra
2047 964 2200 990 morem
2243 949 2431 990 videatur
2471 950 2514 990 fa

1831 1000 1834 1062 l
1868 1014 2121 1054 meretricem
2151 1027 2229 1054 non
2258 1013 2408 1055 malam
2433 1006 2551 1056 ind'
2568 1044 2578 1054 -,

1867 1079 1945 1129 plis
1984 1079 2052 1117 fiat
2081 1079 2226 1124 tritius,
2255 1083 2299 1118 et
2325 1092 2402 1118 usu
2428 1079 2517 1119 vei

1831 1114 1833 1152 ⁴
1867 1142 1917 1181 V
1952 1144 1984 1181 1
2019 1144 2051 1193 1,
2081 1148 2297 1195 praeterea
2325 1143 2448 1185 schol.
2479 1098 2567 1184 ad
2576 1149 2582 1177 ἱ

1323 1248 1398 1288 III.
1457 1248 1519 1288 De
1549 1250 1798 1300 argumentis
1828 1250 2071 1301 singularum
2104 1250 2352 1290 fabularum:

755 1336 909 1375 Auctor
937 1338 1130 1374 tractatus
1161 1334 1209 1373 de
1239 1338 1340 1385 trag.
1373 1338 1413 1372 et
1442 1345 1542 1372 eom.
1575 1334 1643 1379 (cf.
1673 1334 1698 1371 1.
1729 1334 1755 1372 l.
1834 1336 1835 1369 1
2271 1331 2457 1376 Donatus
2484 1335 2559 1374 sic:

1074 1412 1111 1449 P·
1141 1398 1178 1447 5⁷
1208 1398 1331 1447 4-7)
1361 1399 1433 1437 Βῑῡῖ
1833 1444 1835 1454 ,
1978 1409 2287 1459 Argumentum
2308 1422 2468 1462 quoque
2497 1397 2580 1451 non

817 1473 937 1524 ,Illud
976 1472 1096 1512 etiam
1131 1474 1235 1511 inter
1271 1478 1405 1511 cetera
1449 1474 1533 1511 eius
1577 1473 1696 1511 laude
1744 1473 1799 1511 di·
1832 1481 1834 1520 j
1867 1473 1989 1511 habet
2025 1474 2141 1511 unius
2177 1474 2465 1523 adolescentis,
2507 1478 2582 1523 ut

672 1585 677 1588 ¹
710 1550 835 1590 gnum
856 1537 1027 1583 videtur,
1062 1537 1167 1589 quod
1197 1537 1460 1588 locupletiora
1489 1540 1728 1587 argumenta
1747 1549 1799 1575 ex
1831 1521 1834 1607 ἔ
1867 1537 2037 1575 duorum
2067 1538 2167 1575 utin
2188 1537 2335 1576 ceteris
2358 1505 2532 1578 fabulis’.
2549 1535 2574 1588 (

710 1601 936 1656 duplicibus
982 1601 1155 1652 negotiis
1198 1600 1395 1652 delegerit
1438 1600 1489 1639 ad
1532 1600 1796 1639 scribendum.
1831 1616 1833 1648 j
1866 1601 1913 1638 R
1946 1614 1982 1652 p.
2018 1602 2077 1648 14
2109 1601 2207 1639 20-
2217 1601 2283 1643 23)

708 1665 812 1705 Nam
842 1671 1014 1717 excepta
1044 1665 1221 1716 Hecyra,
1258 1666 1298 1703 in
1334 1677 1413 1714 qua
1451 1666 1567 1703 unius
1596 1666 1798 1716 Pamphili
1831 1662 1833 1689 3

708 1743 820 1769 amor
850 1735 921 1778 est,
953 1735 1113 1769 ceterae
1135 1730 1309 1780 quinque
1336 1729 1449 1768 binos
1479 1728 1798 1769 adolescentulos

704 1792 868 1834 habent
874 1793 882 1808 ⁷
1831 1804 1833 1843 ι

903 1888 974 1928 His
1005 1902 1162 1942 quoque
1193 1890 1289 1929 locis
1319 1888 1461 1928 eodem
1491 1889 1608 1929 modo
1638 1889 1798 1928 videtur
1835 1890 2062 1928 confirmari
2099 1894 2305 1929 auctorem
2341 1893 2537 1930 tracum
2610 1940 2621 1946 ¹

709 1955 859 1995 Donati
888 1954 1010 1993 libros
1052 1954 1275 2005 inspexisse
1314 1954 1500 2004 illiusque
1544 1954 1815 1992 enarrationes
1859 1959 2042 1992 secutum
2087 1967 2200 1992 suam
2243 1947 2640 2002 commentatimw'mi>

901 2019 1135 2058 Tractatum
1173 2018 1223 2056 de
1259 2022 1360 2068 trag.
1400 2024 1441 2057 et
1477 2032 1576 2058 com
1613 2032 1702 2057 cum
1740 2019 1857 2071 plura
1892 2019 1932 2058 in
1971 2032 2016 2058 eo
2053 2019 2261 2069 legantur,
2304 2031 2409 2071 quae
2441 2017 2494 2059 ad
2520 2012 2630 2060 Do

708 2083 911 2123 Euanthio
942 2082 1252 2122 abiudicandum
1282 2095 1369 2121 esse
1401 2083 1479 2122 iam
1509 2083 1605 2122 mihi
1634 2082 1774 2122 videor
1803 2083 2096 2135 comprobasse
2137 2082 2368 2122 Verisimile
2388 2094 2487 2136 ergo
2511 2081 2595 2123 fit
2584 2101 2605 2117 ι

707 2147 800 2188 dam
836 2148 965 2199 quinti
1002 2146 1089 2187 fere
1126 2146 1275 2186 saeculi
1313 2147 1540 2187 eruditione
1576 2147 1748 2199 quadam
1784 2148 2011 2200 praeditum
2041 2151 2254 2187 tractatum
2283 2141 2577 2200 composuisse,
2611 2150 2641 2200 q

705 2211 878 2251 aliorum
906 2234 957 2240 ——
988 2215 1097 2250 certe
1126 2210 1320 2249 Euanthii
1355 2233 1395 2237 —
1430 2213 1737 2250 commentarios
1778 2214 1819 2251 in
1858 2213 2038 2250 Terentii
2067 2212 2223 2250 fabulas
2252 2218 2337 2250 tum
2365 2212 2568 2252 Donati·
2589 2211 2638 2251 li

708 2276 848 2315 habuit
886 2280 1006 2327 atque
1043 2276 1284 2326 compilavit.
1342 2275 1651 2315 Recentioribus
1684 2276 1762 2315 illis
1790 2277 1869 2316 iam
1911 2276 2159 2328 temporibus
2196 2289 2287 2315 eum
2326 2275 2507 2317 floruisse
2538 2287 2591 2317 oo

706 2340 819 2379 tenui
847 2340 1026 2391 exilique
1056 2339 1213 2378 dicendi
1243 2351 1408 2390 genere,
1439 2350 1517 2391 quo
1546 2344 1740 2380 tractatus
1769 2341 2018 2392 conscriptus
2047 2345 2118 2382 est,
2150 2344 2236 2378 tum
2264 2339 2448 2379 absurdis
2474 2351 2570 2394 qug-

708 2416 812 2456 quae
841 2416 866 2443 a
893 2403 1163 2455 grammaticis
1192 2403 1323 2454 quarti
1352 2407 1443 2455 post
1463 2403 1663 2443 Christum
1692 2405 1842 2443 saeculi
1871 2404 2027 2443 alienae
2057 2409 2159 2442 sunt.
2205 2403 2270 2441 Sic
2291 2402 2473 2452 ,Iliadem
2491 2401 2576 2446 αἶ’

675 2469 679 2471 “
707 2467 920 2521 Odyssiam
958 2466 1008 2505 ad
1044 2467 1260 2517 imaginem
1295 2466 1539 2505 comoediae'
1576 2467 1797 2506 Homerum
1828 2468 1970 2506 fecisse
2005 2466 2260 2506 contenditur
2290 2466 2357 2516 (cf.
2388 2466 2439 2506 R,
2484 2471 2521 2502 t.

707 2530 917 2572 comoedia
944 2544 1048 2584 quae
1076 2530 1209 2570 media
1237 2530 1401 2580 dicitur,
1438 2529 1579 2570 drama
1605 2531 1805 2584 satyricon
1836 2529 2101 2577 Graecorum,
2136 2530 2258 2569 satira
2284 2529 2505 2570 Romano

707 2595 1010 2637 confunduntur
1038 2595 1196 2644 (cf.1.1
1226 2608 1262 2647 p.
1289 2594 1326 2644 5,
1355 2594 1515 2643 5—15).
1566 2595 1797 2635 Tractatum
1827 2609 1906 2634 non
1937 2596 2000 2646 ,de
2030 2577 2240 2646 tragoedia
2269 2598 2312 2633 et
2330 2587 2578 2641 comoedia

709 2661 960 2713 intellegitur
988 2661 1049 2699 his
1077 2660 1249 2699 auctoris
1279 2659 1413 2698 verbis
1443 2660 1566 2708 (cf.1.
1594 2661 1620 2698 l.
1651 2675 1687 2712 p.
1718 2662 1755 2706 4,
1785 2660 1956 2711 9—12):
2555 2662 2595 2691 1'
2650 2660 2657 2668 '

701 2858 789 2894 est:
810 2858 1031 2906 postquam
1060 2853 1393 2892 demonstrandae
1429 2854 1593 2904 originis
1622 2868 1741 2894 causa
1775 2856 1825 2894 de
1854 2856 2061 2907 utriusque
2091 2855 2253 2904 generis
2275 2819 2396 2893 initio
2424 2852 2633 2905 dms
2677 2873 2695 2885 1
2782 2896 2792 2908 ι

708 2922 770 2958 est
793 2918 876 2957 iam
905 2916 1108 2960 dicamus)
2555 2931 2557 2933 .
2724 2918 2729 2924 .
2751 2912 2776 2924 v
