2818 3396
896 295 899 298 ⁴
1144 251 1250 293 Eun.
1281 253 1315 293 1.
1344 253 1383 294 2.
1413 253 1476 294 85.
1506 225 1607 306 sqq..
1720 300 1725 307 A

810 316 956 356 Nonne
986 315 1057 356 ubi
1085 316 1183 356 mihi
1212 317 1314 357 dixti
1343 331 1493 369 cupere
1523 323 1563 357 te
1592 331 1645 357 ex
1676 315 1892 370 Aethiopia

760 382 765 384 “
807 377 1068 429 Ancillulam,
1098 378 1248 419 relictis
1277 380 1399 420 rebus
1428 376 1612 421 omnibus

848 441 1029 482 uaesivi?
2394 481 2397 483 ,
2454 468 2457 475 ,
2514 472 2533 483 ζ»

278 540 282 542 ,
428 505 575 547 Nonne
614 505 689 545 ubi
719 442 955 546 mihzqdixti
985 519 1128 558 cupere
1162 506 1225 558 ta]
1282 507 1380 547 Plus
1422 506 1544 556 dixit,
1588 509 1660 548 ubi
1693 510 1795 548 dixti
1829 520 1971 560 cupere
2008 515 2064 547 te.-
2109 519 2237 562 quam·
2267 508 2302 552 si
2322 509 2513 568 511er
2527 502 2540 537 ἶ
2644 544 2654 565 μ,

235 568 368 615 fecisti
395 573 443 611 ut
470 581 661 611 emerem.
709 569 809 609 Plus
838 573 899 610 est
927 569 1036 610 enim
1064 568 1105 608 id
1133 569 1395 623 praestitisse,
1421 571 1528 623 quod
1558 571 1627 624 qui
1655 571 1869 624 acceperit,
1899 584 1979 611 non
1998 583 2119 612 ausus
2138 572 2264 621 fuerit
2281 568 2500 628 ροιιὶιῐᾷιῖᾃζ
2581 568 2656 611 [2⁸3

427 634 776 687 Legendum‘est:
806 634 906 673 Plus
934 634 1055 673 dixit:
1085 635 1154 674 ubi
1184 635 1289 674 dixti
1317 648 1466 686 cupere
1496 639 1537 674 te
1566 649 1688 687 quam
1707 636 1740 675 si
1760 636 1930 676 diceret:
1960 636 2138 686 petisti
2157 641 2203 676 ut
2224 644 2499 684 emerem'eto.

237 696 322 748 (cf.
351 697 476 739 schol,
504 697 569 739 ad.
600 713 634 737 v.
656 695 984 750 87z'Quaesivt']
1034 697 1160 749 Vide,
1191 698 1532 751 quemadmodum
1561 699 1755 740 exhibeat
1782 705 1903 754 atque
1933 712 2147 741 aerumnas
2173 698 2250 742 sibi
2271 700 2525 755 ‘difficilium‘
2586 699 2588 701 ’

233 771 450 802 munerum
478 760 588 802 dicat
613 761 851 814 imposuisse
881 762 1135 802 meretricem
1164 794 1173 801 .
1206 794 1213 801 .
1245 794 1253 802 .
1287 793 1294 800 .
1329 762 1529 810 Quaesivi,
1561 776 1640 802 non
1669 763 1777 803 enim
1805 763 1846 803 in
1875 768 2063 816 promptu
2092 769 2200 815 erat,
2243 764 2392 818 deinde
2420 779 2502 808 non

230 821 380 878 petisti,
407 825 482 867 sed
512 827 651 865 dixisti
679 826 775 877 etc.)

364 890 368 899 ¹
542 886 556 898 ⁸
1185 880 1287 919 Eun.
1318 879 1387 919 111.
1419 880 1456 920 5.
1488 881 1551 920 29.

537 942 683 993 Edicit,
712 956 764 983 ne
794 942 854 983 vir
884 942 1096 996 quisquam
1125 944 1176 983 ad
1206 957 1296 983 eam
1325 943 1445 984 adeat
1475 949 1514 984 et
1544 943 1638 984 mihi
1668 957 1718 984 ne
1748 944 1977 996 abscedam,
2008 945 2193 1000 imperat.

428 1018 486 1058 Et
512 1018 612 1058 mihi
638 1033 686 1058 ne
714 1018 938 1064 abscedam,
969 1019 1166 1070 imperat]
1226 1019 1348 1058 Certe
1379 1019 1512 1058 nullus
1542 1018 1601 1058 vir
1629 1018 1798 1058 aceedit.

426 1082 560 1135 Lege:
609 1082 744 1133 Certe,
773 1096 834 1123 ne
865 1083 1002 1122 ullus
1031 1083 1110 1122 vir
1139 1083 1359 1122 accedat.

1187 1168 1294 1208 Eun.
1325 1169 1397 1208 IV.
1427 1171 1463 1208 3.
1500 1171 1558 1208 ll.

780 1232 1023 1271 Eunuchum
1054 1246 1176 1284 quem
1206 1232 1351 1272 dedisti
1382 1233 1494 1272 nobis
1525 1247 1624 1284 quas
1654 1234 1791 1272 turbas
1821 1232 1949 1272 dedit!

427 1307 671 1348 Eunuchum
708 1320 822 1361 quem
859 1306 1031 1359 dedisti]
1091 1306 1266 1354 Quidam
1304 1307 1441 1346 volunt
1479 1321 1592 1360 quem
1621 1306 1898 1359 destinguere,
1928 1308 2042 1361 quasi
2071 1309 2178 1349 dicat
2213 1311 2386 1362 qualem:
2429 1310 2501 1350 sed

201 1419 204 1426 ,
232 1370 418 1412 nesciunt
445 1372 522 1412 hac
549 1372 681 1424 figura
710 1373 881 1412 multum
911 1376 1071 1409 veteres
1100 1385 1192 1410 usos
1223 1385 1321 1410 esse.
1371 1372 1611 1410 Eunuchum
1640 1372 1746 1410 enim
1766 1372 1816 1409 ad
1838 1374 1983 1410 dedisti
2000 1374 2170 1413 verbum
2190 1374 2339 1415 retulit.
2382 1376 2500 1415 Nunc

233 1447 334 1488 ergo
361 1433 477 1476 addit
504 1440 673 1488 propter
701 1435 813 1476 aliud
833 1430 983 1487 ἀξίωμα
1003 1435 1288 1475 assumendum
1309 1435 1578 1475 extrinsecus:
1609 1437 1641 1474 is
1674 1435 1882 1474 eunuchus.
1928 1434 2030 1476 Nam
2061 1437 2219 1489 quoties
2239 1451 2319 1478 uno
2339 1438 2500 1479 nomine

213 1502 304 1539 aut
337 1499 578 1551 pronomine
613 1499 799 1539 diversae
837 1498 1115 1539 declinationis
1154 1499 1450 1539 enuntiationes
1487 1499 1899 1551 comprehenduntur,
1946 1513 2110 1540 necesse
2149 1506 2210 1541 est
2248 1502 2356 1553 quod
2384 1502 2500 1542 alteri
2762 1496 2772 1535 ζ
2803 1510 2812 1535 ῑ

234 1563 586 1605 accommodatum
614 1563 749 1614 fuerit,
778 1564 829 1604 ab
859 1565 987 1603 altero
1019 1563 1262 1616 discrepare.

428 1626 583 1669 Verba:
628 1627 759 1676 ,Nunc
794 1615 892 1680 ergo
929 1626 1042 1667 addit
1078 1633 1244 1680 propter
1281 1627 1391 1668 aliud
1428 1623 1579 1681 ἀξίωμα
1615 1628 1899 1667 assumendum
1934 1628 2185 1669 extrinsecus
2218 1629 2251 1670 is
2280 1631 2500 1671 eunuchus'

204 1690 376 1749 *vitium
403 1696 630 1734 traxerunt.
691 1691 934 1732 Accuratius
964 1691 996 1730 si
1025 1691 1309 1731 antecedentia
1338 1691 1656 1739 consideramus,
1701 1691 1818 1731 facile
1855 1691 2103 1744 intellegitur
2142 1694 2361 1746 legendum
2393 1708 2499 1735 esse:

230 1755 476 1797 Eunuchum
519 1756 627 1797 enim
668 1757 720 1796 ad
756 1757 903 1793 dedisti
944 1756 1115 1795 verbum
1144 1756 1294 1795 retulit.
1352 1757 1470 1795 Nunc
1502 1769 1600 1807 ergo
1630 1756 1688 1795 ad
1719 1758 1853 1795 dedit
1883 1762 2048 1808 propter
2077 1757 2185 1797 aliud
2214 1752 2501 1812 ἀξίωμωαεειι-
2747 1756 2818 1827 ,Ξ

168 1824 181 1835 ”
234 1819 428 1860 mendum
462 1821 731 1860 extrinsecus:
762 1821 795 1858 is
825 1820 1028 1858 eunuchus
1057 1825 1132 1858 etc.
2742 1857 2744 1859 ,
2772 1830 2818 1881 Ji]

1138 1893 1240 1931 Eun.
1274 1893 1322 1931 V.
1354 1895 1389 1932 8.
1426 1894 1485 1932 19.
1516 1906 1601 1944 sqq.
2727 1879 2818 1948 ⁹3:33

1010 1957 1062 1996 Di
1094 1962 1268 1995 vostram
1298 1957 1438 1996 fidem!
1470 1956 1720 1995 incredibilia
2703 1946 2705 1949 ’
2748 1954 2818 2017 ff}

426 2021 630 2062 Parmeno
660 2022 778 2061 modo
809 2035 913 2074 quae
945 2020 1142 2061 narravit!
2771 2042 2818 2095 .μέ

430 2095 543 2146 Quae
570 2096 787 2148 nav-ravin]
836 2095 993 2136 Nimius
1023 2096 1194 2135 affectus
1225 2094 1265 2134 in
1295 2100 1508 2148 utramque
1540 2102 1696 2148 partem
1727 2096 1909 2136 defectus
1939 2095 2128 2137 orationis
2157 2102 2282 2137 amat:
2314 2101 2374 2138 est
2402 2110 2499 2150 ergo
2716 2088 2736 2094 ¹*
2760 2091 2818 2167 ἷξε

232 2162 414 2213 ἔλλειψιςε
445 2160 560 2201 deest
588 2160 716 2200 enim:
749 2160 930 2200 Gaudeo.
2738 2160 2818 2217 ‘232

180 2214 190 2219 ⁸
425 2224 601 2264 Videtur
629 2225 849 2276 legendum
879 2237 985 2265 esse:
1017 2225 1131 2264 deest
1160 2224 1285 2263 enim:
1322 2224 1532 2263 Gaudia.
2695 2215 2818 2268 ,ζ’-’ἕ

1176 2299 1352 2350 Adelph.
1385 2298 1416 2336 Ι.
1452 2301 1485 2337 1.
1521 2301 1552 2337 1.
2681 2288 2705 2328 ἕ
2743 2250 2818 2333 i

431 2362 610 2415 Storna]
659 2363 834 2404 Nomina
864 2378 1139 2416 personarum,
1170 2364 1211 2402 in
1241 2362 1457 2402 comoediis
1488 2362 1697 2413 duntaxat,
1730 2363 1879 2402 habere
1901 2363 2052 2403 debent
2071 2363 2268 2404 rationem
2287 2369 2327 2405 et
2347 2369 2500 2417 etymo·
2714 2345 2818 2422 ,ζμὲ

230 2428 393 2482 logiam.
452 2427 617 2468 Etenim
659 2428 878 2468 absurdum
921 2433 982 2468 est
1016 2427 1214 2467 comicum
1252 2432 1392 2479 aperte
1430 2432 1669 2477 argumenta
1703 2427 1952 2478 confingere:
2005 2428 2070 2467 vel
2112 2442 2258 2468 nomen
2302 2442 2499 2480 personae
2752 2411 2818 2475 {³:⁶3⁵

230 2493 501 2548 incongruum
529 2491 641 2543 dare,
672 2493 737 2531 vel
766 2492 942 2532 officium
972 2492 1079 2544 quod
1109 2491 1160 2531 sit
1188 2507 1212 2531 a
1242 2494 1402 2531 nomine
1433 2489 1647 2529 diversum.
1696 2490 1804 2530 Hinc
1833 2504 1972 2530 servus
2001 2491 2130 2532 fidelis
2157 2492 2378 2531 Parmeno:
2412 2490 2500 2532 infi-
2755 2472 2818 2519 7²⁴⁵

231 2557 333 2598 delis
360 2557 427 2597 vel
455 2557 596 2609 Syrus,
634 2557 698 2596 vel
728 2556 851 2596 Geta:
891 2556 1006 2595 miles
1036 2557 1204 2606 Thraso,
1237 2555 1301 2595 vel
1331 2555 1551 2593 Polemon:
1589 2554 1745 2594 iuvenis
1773 2555 2029 2606 Pamphilus:
2058 2560 2242 2595 matrona
2269 2554 2500 2608 Myrrhina:
2727 2550 2794 2609 ’ὓ

230 2627 273 2663 et
315 2634 420 2675 puer
461 2621 514 2662 ab
550 2620 676 2661 odore
715 2620 885 2660 Storax:
929 2621 994 2660 vel
1032 2634 1057 2660 a
1093 2620 1187 2660 ludo
1228 2625 1268 2660 et
1298 2632 1322 2658 a
1356 2617 1665 2670 gesticulatione
1696 2618 1857 2658 Circus:
1901 2624 1940 2658 et
1975 2617 2071 2658 item
2106 2617 2250 2658 similia
2286 2617 2327 2658 in
2355 2619 2499 2672 quibus

230 2699 432 2727 summum
465 2688 612 2738 poetae
652 2683 795 2724 vitium
824 2689 902 2729 est,
941 2684 972 2723 si
1009 2685 1104 2736 quid
1135 2699 1156 2724 e
1187 2684 1388 2724 contrario
1418 2697 1650 2735 repugnans
1687 2682 1932 2722 contrarium
1961 2683 2245 2735 diversumque
2274 2684 2499 2735 protulerit,

229 2748 309 2790 nisi
334 2762 409 2802 per
438 2750 658 2804 ἀνμτίφρασιν
686 2762 834 2789 nomen
863 2748 1100 2800 imposuerit
1128 2748 1371 2796 ioculariter,
1403 2754 1447 2787 ut
1466 2747 1757 2799 Misargyrides
1787 2746 1827 2786 in
1848 2747 1994 2786 Plauto
2024 2746 2168 2786 dicitur
2195 2746 2401 2799 trapezita.
2446 2748 2501 2789 Et
2558 2795 2559 2799 ζ

229 2814 318 2854 fere
360 2814 437 2855 hoc
479 2813 599 2854 modo
642 2813 753 2866 apud
795 2811 894 2853 alios
932 2827 956 2852 a
992 2812 1120 2864 poetis
1158 2813 1320 2853 nomina
1355 2817 1651 2864 componuntur
1690 2811 1953 2852 describendo
1996 2826 2069 2864 per
2111 2813 2348 2866 ἀντίφρκσιν,
2392 2813 2500 2866 quod

231 2877 421 2932 designat
448 2877 609 2919 Storax.
668 2876 832 2918 Primae
861 2882 1019 2929 partes,
1040 2877 1142 2916 sicut
1170 2877 1210 2916 in
1240 2879 1409 2929 prologo
1438 2877 1525 2928 ipse
1555 2875 1748 2928 promisit,
1778 2890 1803 2915 a
1830 2875 1991 2916 senibus
2020 2882 2195 2929 aguntur
2225 2881 2299 2916 etc.

425 2942 617 2982 Pluribus
660 2942 726 2982 hic
768 2943 880 2982 locus
915 2941 1073 2981 mendis
1110 2942 1345 2981 infuscatur.
1404 2942 1507 2981 Cum
1546 2941 1597 2979 de
1633 2939 1859 2980 nominibus
1897 2955 2160 2994 personarum
2198 2955 2289 2981 eum
2317 2941 2499 2993 partibus

231 3019 373 3048 earum
401 3006 717 3059 congruentibus
745 3012 903 3059 agatur,
934 3006 1031 3058 quid
1060 3005 1135 3045 sibi
1166 3007 1253 3045 vult
1282 3008 1381 3046 haec
1409 3004 1611 3045 sententia
1638 3004 1801 3052 ,etenim
1820 3006 2039 3047 absurdum
2059 3011 2119 3046 est
2139 3005 2337 3046 comicum
2355 3011 2510 3059 aperte·

228 3075 476 3124 argumenta
510 3070 784 3124 confingere’?
829 3071 870 3111 in
900 3085 980 3124 qua
1010 3076 1225 3123 praeterea
1254 3084 1326 3122 pro
1357 3070 1514 3110 ratione
1543 3069 1706 3122 linguae
1736 3069 1906 3111 Latinae
1936 3085 2099 3123 parum,
2140 3069 2237 3123 quid
2265 3069 2316 3110 sit
2345 3075 2500 3124 ,aperte

231 3134 492 3189 confingere’,
520 3135 783 3188 intellegitur.
829 3134 990 3176 Deinde
1020 3135 1061 3175 in
1083 3135 1216 3176 verbis
1247 3150 1282 3186 ,e
1312 3134 1514 3176 contrario
1544 3134 1801 3187 repugnans',
1832 3149 1923 3176 cum
1943 3135 2211 3188 subiungatur
2239 3134 2522 3185 ,contrariumss
2550 3132 2552 3134 ’
