3599 3741
610 758 623 762 «ν
675 710 765 779 110²
792 725 1132 782 auctoritate
1167 687 1614 776 commentorum
1649 725 1708 775 in
1746 686 2292 799 Terentium5qu3a

1372 821 1602 871 nomine
1638 820 2138 871 circumferuntur.
2222 816 2229 819 ”

1724 1014 1792 1065 Α.

824 1133 989 1172 Aelium
1018 1132 1221 1171 Donatum
1259 1133 1563 1182 commentario,
1607 1145 1685 1184 quo
1714 1131 1896 1170 Terentii
1940 1132 2092 1171 fabulas
2122 1131 2479 1183 illustravitflp
2615 1120 2618 1124 Δ

632 1198 744 1239 cuius
772 1198 911 1237 titulus
941 1197 1064 1236 fuerit
1094 1196 1154 1244 ‚de
1181 1196 1397 1244 comoedia’,
1436 1197 1510 1236 h'oc
1548 1197 1809 1249 praefationis
1846 1196 1886 1235 in
1923 1196 2097 1249 Adelph.
2127 1208 2267 1235 comm.
2303 1188 2394 1246 ioco
2555 1196 2569 1204 “

625 1262 867 1304 turbulenta.
894 1266 966 1310 est,
997 1261 1159 1314 epitasis
1189 1262 1375 1311 clamosa,
1405 1261 1659 1314 catastrophe
1688 1261 1835 1310 lenior;
1867 1274 2035 1313 quarum
2057 1261 2232 1313 partium
2256 1256 2440 1313 rationes

569 1358 578 1370 ,-
629 1327 733 1379 cipio
763 1327 1055 1378 proposuimus,
1087 1340 1177 1365 cum
1207 1326 1253 1366 de
1281 1326 1475 1365 comoedia
1503 1327 1702 1377 quaedam
1732 1325 1983 1365 diceremus’.
2024 1325 2102 1376 (Cf.
2134 1325 2286 1366 Donati
2313 1326 2355 1366 in
2381 1326 2413 1375 '¹
2470 1379 2473 1383 η

628 1390 912 1444 praefationes,
943 1403 995 1429 ex
1025 1403 1103 1429 rec.
1136 1392 1185 1429 A.
1207 1390 1530 1429 Reifferscheidii
1560 1392 1599 1430 in
1629 1390 1758 1430 indice
1789 1390 2018 1429 scholarum
2039 1389 2477 1447 ῪτειῐίεῙανὶθιιείιιιιζιςν

593 1460 607 1491 J
628 1469 669 1509 p,
695 1456 734 1495 7.
764 1454 900 1506 7—9).
959 1455 1091 1494 Huius
1120 1455 1245 1494 libelli
1274 1456 1362 1494 loco
1392 1456 1431 1494 in
1463 1456 1634 1504 scholiis,
1664 1469 1767 1507 quae
1797 1455 1911 1494 nobis
1947 1455 2086 1494 relicta
2124 1458 2229 1505 sunt,
2265 1458 2358 1507 post
2393 1448 2520 1499 vitam

628 1533 682 1560 ex
712 1519 895 1560 Suetonii
925 1520 1149 1572 Tranquilli
1177 1519 1287 1559 libris
1318 1520 1368 1559 de
1398 1519 1506 1560 Viris
1535 1520 1763 1559 Illustribus
1793 1520 1962 1572 petitam
1992 1519 2269 1559 enarrationes
2295 1515 2511 1573 quaeda&

628 1584 836 1623 comoedia
864 1585 1075 1636 leguntur3
1116 1597 1219 1636 quae
1249 1597 1339 1622 cum
1369 1584 1419 1623 ob
1458 1583 1619 1623 easdem
1656 1597 1720 1623 res
1756 1584 1916 1635 saepius
1959 1588 2149 1622 tractatas
2190 1583 2243 1623 ab
2284 1595 2366 1627 uno
2416 1612 2420 1617 ·

627 1648 747 1695 vulgo
781 1649 821 1687 in
852 1648 950 1688 duas
979 1653 1114 1700 partes
1143 1649 1248 1687 inter
1276 1662 1318 1688 se
1349 1648 1527 1688 diversas
1556 1649 1822 1688 dissecantur:
1864 1653 2076 1688 tractatum
2113 1647 2164 1687 de
2199 1634 2413 1700 tragoedia

626 1717 803 1752 mentum
835 1712 885 1752 de
916 1712 1134 1762 comoedia,
1166 1725 1268 1763 quae
1299 1712 1496 1751 dicuntur.
1555 1712 1800 1751 Gravissima
1828 1713 1908 1751 iam
1938 1713 2074 1751 existit
2103 1711 2298 1764 quaestio,
2326 1724 2352 1752 a
2373 1724 2398 1766 q

626 1777 983 1815 commentationes
1014 1769 1220 1826 profectae
1249 1777 1345 1825 sint3
1376 1788 1467 1814 nam
1498 1776 1604 1814 idem
1634 1777 1719 1814 fere
1741 1776 1847 1827 quod
1872 1777 1921 1814 de
1943 1777 2003 1814 his
2024 1776 2344 1815 enarrationibus
2365 1776 2418 1816 de
2436 1777 2448 1786 “

625 1840 860 1880 condicione
891 1844 1012 1891 atque
1044 1840 1281 1879 auctoritate
1311 1839 1474 1880 v'alebit.

821 1903 1048 1943 Tractatum
1076 1904 1123 1943 de
1152 1907 1248 1955 tray.
1285 1908 1320 1944 et
1348 1916 1440 1943 com.
1477 1904 1527 1943 ad
1564 1903 1830 1951 Euanthium
1870 1904 2176 1956 grammaticum
2211 1904 2321 1944 tertii
2357 1876 2448 1958 post
2471 1902 2534 1947 (3

625 1968 1124 2020 Constantinopolitanum
1155 1970 1306 2019 primus
1335 1969 1684 2007 Lindenbruchius
1713 1970 1880 2016 rettulit,
1913 1970 2025 2007 cuius
2047 1970 2326 2007 auctoritatem
2346 1969 2427 2008 viri
2473 2019 2475 2021 v

623 2038 728 2074 sunt.
783 2031 838 2072 Et
868 2032 966 2071 duas
995 2033 1035 2071 in
1065 2046 1113 2071 eo
1142 2034 1393 2083 grammatici
1430 2033 1535 2072 illius
1573 2034 1790 2072 sententias
1827 2034 1909 2084 legi
1939 2032 2076 2072 Rufini
2106 2032 2403 2072 Antiochiensis
2448 2052 2455 2062 ·

623 2099 692 2153 qui
727 2098 768 2139 in
803 2097 1000 2151 principio
1029 2092 1310 2138 'commentarii
1351 2099 1389 2138 in
1421 2102 1549 2138 metra
1578 2097 1821 2138 Terentiana
1853 2097 1920 2149 (cf.
1953 2097 2129 2138 Gramm.
2152 2096 2258 2137 Latt.
2280 2110 2332 2138 ex
2352 2094 2500 2150 reess'E

566 2182 577 2190 ο
622 2177 660 2216 p.
690 2163 784 2210 554)
815 2162 890 2201 hoc
920 2162 1104 2201 exhibet:
1149 2162 1387 2211 ‚Euanthius
1417 2164 1456 2201 in
1486 2164 1770 2202 commentario
1802 2163 1984 2202 Terentii
2014 2163 2064 2201 de
2094 2163 2234 2201 fabula
2263 2161 2466 2213 [honesti

622 2227 736 2267 dicit:
782 2226 989 2274 ‚concinna
1017 2232 1268 2277 argumento,
1313 2227 1592 2267 consuetudini
1631 2241 1820 2278 congrua,
1868 2228 1976 2266 utilis
2012 2227 2231 2276 sententiis,
2260 2231 2379 2278 grata
2405 2218 2482 2267 §⁸5

622 2283 663 2331 et
691 2295 831 2344 postea
860 2290 934 2329 sic:
971 2295 1140 2335 ,veteres
1170 2292 1243 2330 etsi
1272 2292 1347 2343 ipsi
1376 2305 1536 2345 quoque
1571 2292 1612 2330 in
1650 2292 1787 2330 metris
1824 2292 2095 2343 negligentius
2115 2290 2165 2331 *¹1
2193 2290 2352 2331 iambici
2394 2283 2476 2328 ῑ·”

621 2354 796 2410 secundo
827 2359 868 2394 et
897 2359 1039 2405 quarto
1069 2355 1169 2403 loco,
1205 2360 1339 2394 tamen
1370 2370 1393 2394 a
1423 2357 1613 2395 Terentio
1651 2357 1865 2394 vincuntur
1902 2356 2144 2395 resolutione
2183 2356 2301 2394 huius
2346 2367 2411 2395 me

621 2418 854 2459 comminuti
882 2418 933 2457 ad
963 2418 1179 2468 imaginem
1207 2432 1351 2470 prosae
1381 2418 1596 2459 orationis.'
1655 2419 1732 2468 (Cf.
1766 2418 1988 2458 Euanthius
2018 2424 2058 2457 et
2088 2419 2237 2457 Donati
2266 2416 2404 2458 comm'

620 2496 673 2524 ex
701 2496 779 2523 rec.
810 2482 858 2521 A.
887 2481 1212 2521 Reifferscheidii
1241 2483 1281 2522 in
1309 2483 1443 2523 indice
1473 2483 1697 2523 scholarum
1726 2482 2100 2521 Vratislaviensium
2129 2495 2164 2521 a.
2197 2482 2312 2522 1874.
2342 2493 2383 2535 p.
2410 2479 2480 2527 fir:

812 2546 898 2586 Nec
927 2547 1022 2586 satis
1050 2550 1184 2586 tamen
1215 2547 1530 2587 haechuanthii
1560 2548 1774 2586 auctoritas
1804 2547 1901 2585 mihi
1931 2546 2091 2584 videtur
2120 2547 2181 2586 his
2209 2547 2307 2587 locis
2336 2541 2490 2601 comp
2512 2597 2521 2602 ..

524 2615 565 2665 j
620 2611 812 2666 quasdam
842 2610 1060 2651 sententias
1089 2611 1129 2650 in
1166 2611 1239 2650 hoc
1276 2615 1449 2651 tractatu
1488 2610 1801 2664 deprehendisse
1841 2611 1937 2649 mihi
1975 2610 2127 2659 videon
2172 2624 2277 2663 quae
2320 2608 2596 2675 αᾶζῦώιῇξϊ

620 2676 828 2716 comoedia
858 2675 1099 2714 referendae
1130 2680 1231 2713 sunt.
1289 2675 1407 2714 Hanc
1435 2675 1688 2714 statuendam
1732 2688 1818 2714 esse
1862 2675 2137 2714 condicionem
2173 2680 2219 2716 ut
2253 2680 2495 2730 appareat,
2507 2688 2615 2732 nonu

618 2740 937 2795 praefationibus
966 2739 1111 2780 Donati
1142 2744 1183 2779 et
1212 2753 1263 2779 ex
1293 2745 1467 2780 tractatu
1496 2740 1546 2780 de
1576 2745 1678 2792 trag
1709 2745 1749 2780 et
1778 2753 1879 2779 com.
1910 2739 1961 2779 ad
1991 2739 2160 2780 verbum
2189 2740 2340 2781 afferre
2368 2738 2499 2782 lium.
2643 2738 2646 2741 ’

808 2804 994 2844 Donatus
1028 2805 1068 2843 in
1107 2804 1233 2856 praef.
1265 2804 1392 2843 Andr
1431 2817 1570 2844 comm.
1612 2805 1679 2855 (cf.
1709 2804 1759 2843 R.
1790 2804 1932 2855 praeff.
1971 2818 2008 2856 p
2038 2805 2078 2845 5
2107 2805 2234 2856 3--4)
2278 2806 2355 2845 hoc
2388 2809 2541 2852 notat:

617 2869 852 2910 divisionem
882 2874 1044 2908 actuum
1073 2870 1113 2907 in
1143 2869 1297 2907 Latinis
1328 2870 1472 2908 fabulis
1502 2870 1772 2908 internoscere
1803 2869 1972 2908 obscure
2014 2870 2183 2919 editam3
2220 2883 2382 2909 causam
2410 2870 2490 2910 iam
2507 2835 2595 2909 df?

614 2933 840 2975 stravimus’
873 2957 922 2962 —
952 2933 1105 2974 scilicet
1134 2934 1174 2972 in
1206 2934 1339 2973 libello
1369 2934 1436 2973 illo
1467 2933 1516 2973 de
1546 2933 1764 2973 comoedia.

810 3041 838 3082 1)
862 3026 1024 3082 ‚egerunt'’
1052 3059 1086 3063 —
1115 3040 1203 3081 quod
1227 3040 1261 3072 in
1286 3044 1431 3072 tractatu
1456 3040 1580 3081 legitur
1607 3059 1640 3062 —
1666 3040 1700 3072 in
1726 3040 1895 3072 codicibus
1920 3039 2034 3072 Rufini
2058 3040 2161 3072 deest.
