2818 3396
303 263 503 302 ww
492 249 618 291 ’ΝΜ
674 248 784 290 Non
795 260 905 290 “um
932 248 1062 313 mium
1089 245 1225 288 ¹¹¹t¹²¹¹¹²
1253 245 1702 299 qUOd‘OXPeotabttur.
1749 224 2024 303 ed'absol‘utd
2035 223 2196 297 ’-1111αεὶ

237 316 369 365 solnm
387 313 447 377 {id
465 317 541 366 est,
567 312 710 366 inquit.

193 405 204 415 ι.
388 378 570 433 Lago:
611 377 705 419 Non
734 375 842 417 enim
869 376 1010 416 solus
1037 374 1184 425 intulit,
1214 374 1322 427 quod
1351 372 1662 442 expectabatur
1675 377 1753 413 etc.

1097 448 1274 502 Adelph.
1305 446 1376 488 IV.
1406 448 1442 488 5.
1478 446 1538 486 19.
1569 464 1654 505 sqq.

1053 513 1094 552 Is
1123 513 1255 563 venit,
1293 518 1338 552 ut
1367 526 1503 553 secum
1540 516 1688 556 avehat

693 580 799 620 Nam
819 578 976 619 habitat
995 576 1124 618 Mileti
1157 577 1174 629 ΙΙ
1207 577 1328 624 Hem,
1357 577 1557 631 virginem
1587 585 1631 620 ut
1658 594 1796 621 secum
1817 581 1992 623 avehat?
2026 583 2044 634 ΙΙ

695 644 762 686 Sic
791 648 863 686 est.
900 642 915 694 ΙΙ
950 641 1142 684 Miletum⁴
1165 656 1294 696 usque
1323 645 1488 685 obsecro
1519 650 1595 686 etc.

434 721 479 761 Is
505 722 612 760 venit
640 728 684 758 ut
711 733 844 758 secum
861 718 1031 769 avebam]
1074 717 1199 756 Aliud
1219 716 1334 769 peius
1362 718 1403 756 in
1423 725 1609 767 amatam,
1639 727 1683 759 ut
1709 734 1782 760 ncc
1806 721 1980 760 Athenis
2008 723 2151 762 saltem
2179 719 2295 761 alteri
2314 697 2567 766 nuberetss-‘4

438 787 575 839 Lege:
605 783 729 835 Aliud
758 783 872 836 peius
901 782 942 823 in
971 786 1242 823 amatorem
1272 786 1346 821 etc.

1074 855 1247 909 Adelph.
1280 856 1327 896 V.
1357 857 1394 897 5.
1425 859 1461 898 8.
1496 859 1555 899 15.
1587 873 1672 912 sqq.

694 923 783 975 Ego
813 936 941 962 novus
970 922 1137 962 maritus
1167 934 1271 961 anno
1303 922 1464 962 demum
1494 923 1632 976 quinto
1661 929 1702 963 et
1731 924 1984 977 sexagesimo

694 987 810 1026 Fiam
839 992 958 1038 atque
988 999 1110 1025 anum
1140 986 1389 1037 decrepitam
1418 987 1590 1026 ducam?
1643 1001 1647 1006 ·

434 1053 522 1107 Eyo
552 1052 639 1104 eta]
697 1051 777 1092 Hic
814 1051 929 1090 deest
965 1054 1006 1090 et
1039 1052 1156 1098 Quis,
1194 1055 1233 1089 et
1274 1049 1392 1099 Quid,
1430 1056 1471 1090 et
1505 1053 1688 1100 Quando,
1725 1057 1766 1091 et
1800 1054 2021 1102 Quomodo:
2064 1059 2108 1093 ut
2143 1052 2205 1105 sit,
2241 1046 2368 1100 Quis?
2410 1065 2501 1105 ego.

240 1119 375 1171 Quid?
404 1132 533 1160 novus
562 1119 739 1157 maritus.
799 1114 999 1160 Quando?
1037 1128 1141 1153 anno
1173 1115 1334 1153 demum
1364 1114 1502 1166 quinto
1534 1120 1574 1154 et
1603 1115 1869 1167 sexagesimo.
1929 1117 2167 1163 Quomodo?
2213 1130 2335 1157 anum
2363 1117 2503 1158 decre·
2536 1142 2539 1145 -

240 1185 368 1242 pitam
396 1184 552 1225 ducam.

2 1265 49 1294 ‘114
436 1250 573 1302 Lege:
618 1248 698 1288 Hie
728 1261 818 1287 non
850 1246 963 1284 deest
993 1250 1064 1283 etc.

49 1316 107 1338 ''-
180 1346 182 1349 ,
254 1328 256 1330 v
1194 1298 1356 1336 Phorm.
1388 1297 1421 1336 I.
1455 1299 1487 1336 l.
1522 1301 1554 1338 1.

2 1350 88 1394 ἐ*
200 1394 202 1398 ,
879 1361 1017 1401 Primo
1046 1360 1151 1400 actui
1181 1368 1472 1401 commentator
1501 1363 1600 1401 haec
1631 1363 1871 1414 praemittit:

41 1434 107 1462 ‘³
435 1431 556 1478 Quod
584 1431 626 1470 in
654 1429 839 1469 omnibus
869 1427 955 1466 fere
986 1425 1215 1474 comoediis,
1246 1427 1285 1465 in
1316 1426 1461 1478 quibus
1491 1428 1690 1479 perplexa
1719 1432 1959 1480 argumenta
1988 1433 2091 1480 sunt,
2122 1421 2218 1468 fieri*
2239 1429 2354 1481 solet,
2390 1429 2431 1469 id
2460 1431 2501 1470 in

52 1532 72 1551 ,2
98 1533 102 1535 .
209 1529 214 1533 -
241 1498 318 1538 hae
346 1508 509 1550 quoque
539 1495 755 1535 Terentius
784 1497 938 1531 servat:
975 1496 1019 1529 ut
1046 1491 1274 1542 προτατικὸν
1303 1506 1516 1544 προσωπον,
1548 1492 1587 1530 id
1618 1498 1690 1540 est,
1723 1505 1937 1544 personam
1968 1498 2086 1532 extra
2114 1501 2412 1544 argumentum,
2441 1495 2501 1534 in-

20 1555 106 1615 Ἆῤ.
125 1565 143 1601 S
241 1560 391 1614 ducat:-
414 1560 480 1615 0111
508 1559 605 1599 (111111
635 1558 686 1598 ob
715 1558 791 1597 hoc
820 1557 962 1609 ipsum,
1000 1554 1107 1606 quod
1139 1555 1263 1593 veluti
1294 1554 1426 1594 aliena
1461 1561 1545 1595 tota
1580 1556 1718 1595 fabula
1759 1561 1837 1605 est,
1874 1561 1990 1607 gesta
2026 1570 2090 1596 res
2119 1564 2325 1607 narratur,
2369 1557 2497 1599 discat
2531 1550 2535 1555 ¹

159 1644 162 1648 ·
201 1643 209 1665 e
246 1623 613 1679 populustextum
643 1635 697 1662 ex
726 1619 975 1661 continentia
1005 1632 1153 1668 rerum,
1183 1619 1315 1668 sitque
1346 1620 1562 1659 instructus
1592 1620 1642 1658 ad
1672 1624 1819 1659 cetera.

437 1687 505 1728 Ad
541 1688 642 1728 haec
677 1686 805 1726 verba
834 1683 1144 1724 Westerhovius
1179 1683 1403 1723 annotavit:
1450 1685 1595 1723 Aliena
1633 1694 1713 1723 tota
1747 1685 1928 1736 fabula]
1987 1685 2141 1725 Fortes
2175 1684 2323 1725 Aliena
2357 1700 2382 1726 a
2415 1690 2504 1727 tota

204 1755 210 1759 ’
241 1753 394 1796 fabula.
422 1775 475 1782 --
505 1751 572 1792 Sic
599 1750 821 1803 legendum
856 1761 943 1787 esse
973 1749 1232 1787 confirmatur
1269 1748 1412 1788 eadem
1450 1749 1710 1788 annotatione
1746 1749 1982 1789 scholiastae
2020 1748 2165 1789 codicis
2194 1748 2396 1800 Bembini,
2431 1739 2523 1803 qui‘

238 1819 333 1868 hoc,
345 1818 436 1859 loco
464 1817 604 1858 habet:
636 1846 644 1854 .
669 1847 676 1854 .
699 1845 707 1854 .
730 1813 794 1853 cui
825 1813 920 1852 dum
950 1813 1000 1853 ob
1030 1812 1174 1865 ipsum,
1204 1812 1311 1864 quod
1343 1812 1469 1853 veluti
1498 1812 1631 1853 aliena
1660 1825 1688 1853 a
1717 1818 1801 1853 tota
1840 1814 1978 1854 fabula
2006 1817 2078 1864 est,
2119 1827 2183 1853 res
2221 1818 2335 1869 gesta
2363 1827 2500 1861 narra·
2686 1809 2800 1876 f,

239 1888 309 1924 tur
337 1886 414 1923 etc.
460 1880 543 1932 (cf.
574 1880 600 1920 l.
630 1880 656 1919 l.
686 1893 724 1931 p.
754 1876 866 1928 379)
2692 1888 2697 1891 .

1182 1932 1344 1970 Ρ1101111.
1377 1931 1406 1969 I.
1439 1932 1475 1970 2.
1505 1932 1569 1971 37.

916 1997 999 2036 Nos
1028 1995 1142 2035 otiosi
1172 2009 1337 2048 operam
1367 1996 1560 2036 dabamus
1590 1996 1829 2036 Phaedriae.

433 2075 523 2116 Noe
552 2073 639 2125 eta]
695 2074 782 2114 Aut
811 2073 862 2112 ad
891 2072 1089 2124 pudorem
1118 2070 1288 2110 sumitur
1317 2072 1391 2111 1100
1421 2086 1644 2124 pronomen
1674 2071 1715 2111 111
1743 2071 1936 2124 singulari
1969 2086 2154 2112 numero:
2193 2078 2262 2112 aut
2292 2072 2342 2113 ad
2373 2071 2504 2125 digni.

240 2146 379 2183 tatem.
409 2140 482 2181 sed
509 2144 644 2194 potest
672 2152 742 2177 ⁷208
774 2143 813 2177 et
843 2142 1009 2190 propter
1038 2135 1314 2187 Antiphonem
1347 2135 1508 2176 dixisse.
2247 2130 2254 2135 „

210 2203 213 2206 ”
436 2205 574 2257 Lege:
604 2204 689 2242 Aut
717 2202 768 2242 ad
798 2202 994 2254 pudorem
1023 2200 1193 2240 sumitur
1224 2202 1297 2240 hoo
1328 2214 1549 2252 pronomen
1580 2200 1620 2240 in
1650 2202 1837 2253 plurali
1866 2215 2034 2241 numero
2064 2206 2139 2242 etc.

1111 2276 1275 2315 Phorm.
1307 2275 1360 2313 II.
1398 2278 1428 2314 1.
1460 2277 1522 2314 81.
1558 2290 1641 2327 sqq.

832 2341 918 2393 [At]
950 2353 1026 2392 ego
1057 2339 1154 2379 deos
1184 2344 1351 2392 penates
1381 2338 1471 2378 111110
1503 2340 1718 2379 salutatum
1749 2339 1922 2381 domum.

850 2416 1062 2455 Devertar.

258 2524 274 2527 .,
434 2486 491 2523 Ac
537 2497 608 2536 eqo
655 2481 743 2531 eta]
819 2481 943 2520 Nulla
998 2478 1147 2518 mentio
1205 2480 1248 2517 fit
1304 2478 1441 2517 uxoris
1499 2479 1606 2529 apud
1661 2478 1969 2530 Demiphonem.
2018 2493 2097 2519 non
2153 2479 2260 2519 enim
2316 2481 2513 2522 convenit·

238 2538 484 2607 agumento
513 2552 558 2587 ut
586 2546 749 2586 habeat.
780 2558 913 2597 neque
944 2542 1040 2596 quid
1069 2542 1109 2583 in
1140 2541 1281 2582 Cilicia
1309 2541 1492 2593 gesserit,
1537 2542 1834 2582 demonstratur
1863 2541 1966 2594 ideo,
2004 2542 2099 2595 quia
2133 2542 2213 2583 iam
2242 2541 2391 2585 dictum
2420 2548 2502 2586 est.

234 2611 392 2670 wodor
409 2614 453 2653 in
475 2612 658 2654 Ciliciam
688 2611 744 2650 ad
762 2609 950 2662 hospitem
972 2610 1194 2660 antiquum.
1226 2620 1347 2646 causa
1373 2606 1480 2646 enim
1502 2606 1685 2692 quaesita
1704 2612 1764 2647 est
1783 2620 1854 2646 cur
1873 2607 2045 2677 abesset,
2075 2607 2170 2645 dum
2194 2620 2362 2646 uxorem
2382 2608 2505 2681 ducat

304 2776 325 2819 3„
348 2813 360 2826 '·
392 2857 395 2860 γ
434 2806 569 2860 Lege:
600 2837 609 2844 .
635 2805 747 2845 ..Et
776 2816 897 2844 causa
927 2815 978 2841 ex
1010 2807 1323 2853 argumento,
1354 2801 1394 2840 id
1425 2806 1498 2848 est,
1529 2799 1697 2840 avaritia
1717 2806 1791 2839 etc.
2747 2839 2761 2858 ›.-

411 2875 416 2878 ’
1168 2878 1331 2916 Pharm.
1363 2877 1417 2915 Π.
1448 2877 1484 2916 3.
1516 2877 1580 2916 79.
2528 2887 2543 2898 .
2746 2862 2761 2886 —.-

1078 2942 1182 2981 Tute
1212 2941 1319 2980 idem
1350 2941 1492 2980 melius
1524 2941 1680 2980 feceris.
2591 2938 2594 2940 ’

170 3019 183 3032 “
246 3046 250 3052 -
314 3014 337 3038 ””
387 3019 551 3063 Tute
573 3020 662 3073 etc]
719 3020 853 3060 Locus
882 3023 943 3057 est
972 3015 1048 3064 hio,
1079 3005 1124 3055 ut
1152 3017 1338 3056 ostendat
1368 3016 1558 3056 Phormio
1589 3017 1639 3055 de
1669 3021 1877 3068 compacto
1906 3016 2037 3068 egisse
2067 3030 2158 3057 cum
2186 3015 2435 3068 Antiphone.

182 3093 211 3127 ¹.
301 3085 305 3089 ’
358 3089 362 3093 ’
388 3085 571 3145 affingo:
603 3116 611 3124 .
665 3090 740 3124 .ut
769 3082 954 3123 ostendat
974 3080 1161 3120 Phormio
1192 3095 1287 3120 non
1318 3082 1368 3120 de
1399 3087 1607 3133 compacto
1638 3081 1767 3133 egisse
1798 3087 1871 3120 etc.
1922 3082 1998 3129 (Of.
2032 3081 2261 3133 proximum
2289 3079 2504 3123 scholium·
2574 3118 2577 3121 .

274 3191 281 3199 ,
423 3151 425 3153 ’
471 3145 568 3190 '212
591 3115 850 3190 ..irtifieiose
881 3151 1017 3187 autem
1046 3144 1222 3197 loquitur
1251 3145 1456 3196 Phormio,
1494 3150 1537 3185 ut
1567 3144 1715 3186 adimat
1744 3144 2016 3198 suspicionem
2045 3145 2132 3195 seni
2161 3143 2439 3187 consensionis
2435 3144 2521 3223 etr
2544 3163 2556 3178 ·-
2593 3140 2596 3143 ’

243 3203 253 3211 ’
466 3213 476 3222 '
527 3210 529 3214 ⁴
556 3213 664 3293 inter
691 3210 912 3268 parasitum
942 3214 983 3251 et
1010 3208 1165 3261 filium.)
2553 3206 2556 3208 ’

559 3359 651 3384 isaael
682 3363 686 3368 >

546 3375 679 3396 &awti-*⁶⁸2
706 3382 709 3384 '
